<?xml version="1.0" encoding="UTF-8"?>
<record xmlns="http://www.loc.gov/MARC21/slim">
   <leader>01082cam a22003251i 4500</leader>
   <controlfield tag="001">2249850</controlfield>
   <controlfield tag="008">820401s1979    xx           s    0 eng d</controlfield>
   <datafield tag="010" ind1=" " ind2=" ">
      <subfield code="a">   81457403</subfield>
   </datafield>
   <datafield tag="016" ind1=" " ind2=" ">
      <subfield code="a">C***</subfield>
   </datafield>
   <datafield tag="035" ind1=" " ind2=" ">
      <subfield code="a">ocm07573003</subfield>
   </datafield>
   <datafield tag="040" ind1=" " ind2=" ">
      <subfield code="a">LC</subfield>
      <subfield code="b">eng</subfield>
   </datafield>
   <datafield tag="043" ind1=" " ind2=" ">
      <subfield code="a">n-cn-ab</subfield>
   </datafield>
   <datafield tag="049" ind1=" " ind2=" ">
      <subfield code="a">aee</subfield>
      <subfield code="b">eng</subfield>
   </datafield>
   <datafield tag="050" ind1=" " ind2="0">
      <subfield code="a">LB1044.8</subfield>
      <subfield code="b">.A44 1979</subfield>
   </datafield>
   <datafield tag="082" ind1="0" ind2=" ">
      <subfield code="a">371.3/358/097123</subfield>
      <subfield code="2">19</subfield>
   </datafield>
   <datafield tag="090" ind1="2" ind2=" ">
      <subfield code="a">LB/1044.7/A333/1979</subfield>
      <subfield code="b">MAIN</subfield>
   </datafield>
   <datafield tag="090" ind1="1" ind2=" ">
      <subfield code="a">LB/1044.7/A333/1979</subfield>
      <subfield code="b">DOC</subfield>
      <subfield code="m">AE 1979 0055</subfield>
   </datafield>
   <datafield tag="110" ind1="2" ind2=" ">
      <subfield code="a">Alberta Educational Communications Authority.</subfield>
   </datafield>
   <datafield tag="240" ind1="1" ind2="0">
      <subfield code="a">Educational cable programming study /</subfield>
   </datafield>
   <datafield tag="245" ind1="1" ind2="0">
      <subfield code="a">Educational cable programming study</subfield>
      <subfield code="c">Alberta Educational Communications Authority.</subfield>
   </datafield>
   <datafield tag="260" ind1=" " ind2=" ">
      <subfield code="a">41 l. :</subfield>
      <subfield code="b">The Authority,</subfield>
      <subfield code="c">1979.</subfield>
   </datafield>
   <datafield tag="300" ind1=" " ind2=" ">
      <subfield code="a">41 leaves ;</subfield>
      <subfield code="c">29 cm.</subfield>
   </datafield>
   <datafield tag="336" ind1=" " ind2=" ">
      <subfield code="a">text</subfield>
      <subfield code="b">txt</subfield>
      <subfield code="2">rdacontent</subfield>
   </datafield>
   <datafield tag="337" ind1=" " ind2=" ">
      <subfield code="a">unmediated</subfield>
      <subfield code="b">n</subfield>
      <subfield code="2">rdamedia</subfield>
   </datafield>
   <datafield tag="338" ind1=" " ind2=" ">
      <subfield code="a">volume</subfield>
      <subfield code="b">nc</subfield>
      <subfield code="2">rdacarrier</subfield>
   </datafield>
   <datafield tag="500" ind1=" " ind2=" ">
      <subfield code="a">Cover title.</subfield>
   </datafield>
   <datafield tag="596" ind1=" " ind2=" ">
      <subfield code="a">2</subfield>
   </datafield>
   <datafield tag="650" ind1=" " ind2="0">
      <subfield code="a">Educational broadcasting</subfield>
      <subfield code="z">Alberta.</subfield>
   </datafield>
   <datafield tag="926" ind1=" " ind2=" ">
      <subfield code="a">AGL_CAP</subfield>
      <subfield code="b">ON_SHELF</subfield>
      <subfield code="c">LB 1044.7 A333 1979</subfield>
      <subfield code="d">BOOK</subfield>
      <subfield code="f">1</subfield>
   </datafield>
   <datafield tag="926" ind1=" " ind2=" ">
      <subfield code="a">AGL_CAP</subfield>
      <subfield code="b">ARCHIVES</subfield>
      <subfield code="c">LB 1044.7 A333 1979</subfield>
      <subfield code="d">NO_LOAN</subfield>
      <subfield code="f">2</subfield>
   </datafield>
   <datafield tag="926" ind1=" " ind2=" ">
      <subfield code="a">AGL_CAP</subfield>
      <subfield code="b">MICROFORM</subfield>
      <subfield code="c">LB 1044.7 A333 1979</subfield>
      <subfield code="d">LOCAL_LOAN</subfield>
      <subfield code="f">3</subfield>
   </datafield>
</record>
